<?xml version="1.0" encoding="UTF-8"?><record xmlns="http://www.loc.gov/MARC21/slim" xmlns:cinclude="http://apache.org/cocoon/include/1.0" xmlns:zs="http://www.loc.gov/zing/srw/">
  <leader>00661cz  a2200157n  4500</leader>
  <controlfield tag="001">n  78077276 </controlfield>
  <controlfield tag="003">DLC</controlfield>
  <controlfield tag="005">20120808080157.0</controlfield>
  <controlfield tag="008">781019n| acannaabn          |a ana      </controlfield>
  <datafield tag="010" ind1=" " ind2=" ">
    <subfield code="a">n  78077276 </subfield>
  </datafield>
  <datafield tag="035" ind1=" " ind2=" ">
    <subfield code="a">(OCoLC)oca00212642</subfield>
  </datafield>
  <datafield tag="040" ind1=" " ind2=" ">
    <subfield code="a">DLC</subfield>
    <subfield code="b">eng</subfield>
    <subfield code="c">DLC</subfield>
    <subfield code="d">HU</subfield>
    <subfield code="d">DLC</subfield>
  </datafield>
  <datafield tag="111" ind1="2" ind2=" ">
    <subfield code="a">Swedish Seminar on Geographic Information Systems</subfield>
    <subfield code="d">(1977 :</subfield>
    <subfield code="c">GaĚvle, Sweden)</subfield>
  </datafield>
  <datafield tag="411" ind1="2" ind2=" ">
    <subfield code="a">Seminar on Geographic Information Systems, Swedish</subfield>
  </datafield>
  <datafield tag="667" ind1=" " ind2=" ">
    <subfield code="a">THIS 1XX FIELD CANNOT BE USED UNDER RDA UNTIL THIS RECORD HAS BEEN REVIEWED AND/OR UPDATED</subfield>
  </datafield>
  <datafield tag="670" ind1=" " ind2=" ">
    <subfield code="a">Its Computer cartography in Sweden, 1977:</subfield>
    <subfield code="b">t.p. (Swedish Seminar on Geographic Information Systems, GaĚvle, September, 1977)</subfield>
  </datafield>
</record>